<?xml version="1.0" encoding="UTF-8"?><collection xmlns="http://www.loc.gov/MARC21/slim"><record><leader>00732nam--2200193-i-4500</leader><controlfield tag="001">000005244</controlfield><controlfield tag="002">20161230</controlfield><controlfield tag="005">20161230201026</controlfield><controlfield tag="008">060222s1000------------r-----000-0-eng-d</controlfield><datafield ind1=" " ind2=" " tag="040"><subfield code="a">IFIN-HH</subfield></datafield><datafield ind1=" " ind2=" " tag="080"><subfield code="a">577.3</subfield></datafield><datafield ind1="1" ind2=" " tag="100"><subfield code="a">Curtis, Howard J</subfield></datafield><datafield ind1="1" ind2="0" tag="245"><subfield code="a">Basic mechanisms in radiobiology</subfield><subfield code="b">Nuclear science series v. mammalian aspects. proceedings of an informal conference highland park, illinois, may 14-16, 1956</subfield><subfield code="c">Howard j. curtis, henry quastler (eds.)</subfield></datafield><datafield ind1=" " ind2=" " tag="260"><subfield code="a">Washington</subfield><subfield code="b">National Academy Of Sciences</subfield><subfield code="c">1957</subfield></datafield><datafield ind1=" " ind2=" " tag="300"><subfield code="a">IX+203P</subfield></datafield><datafield ind1=" " ind2=" " tag="490"><subfield code="a">Nuclear Science Series - National Research Council Publication 513</subfield><subfield code="v">Report Number 21</subfield></datafield><datafield ind1="1" ind2=" " tag="700"><subfield code="a">Quastler, Henry</subfield><subfield code="e">Ed</subfield></datafield><datafield ind1=" " ind2=" " tag="852"><subfield code="a">13144</subfield><subfield code="c">539</subfield></datafield><datafield ind1=" " ind2=" " tag="CAT"><subfield code="a">Sys</subfield><subfield code="c">20110926</subfield><subfield code="h">124122</subfield></datafield></record></collection>